<?xml version="1.0" encoding="UTF-8"?><collection xmlns="http://www.loc.gov/MARC21/slim"><record><leader>00369nam--2200121-i-4500</leader><controlfield tag="001">000030224</controlfield><controlfield tag="002">20161230</controlfield><controlfield tag="005">20161230201038</controlfield><controlfield tag="008">060222s1000------------r-----000-0-eng-d</controlfield><datafield ind1=" " ind2=" " tag="100"><subfield code="a">Madelung, Erwin</subfield></datafield><datafield ind1=" " ind2=" " tag="245"><subfield code="a">Die matematischen hilfsmittel des physikers. dritte auflage. mit 25 textfig. american edit</subfield></datafield><datafield ind1=" " ind2=" " tag="260"><subfield code="a">New-york, Dover Publications, 1943 Xiii+384p</subfield></datafield><datafield ind1=" " ind2=" " tag="852"><subfield code="a">743</subfield></datafield></record></collection>